<?xml version="1.0" encoding="UTF-8"?><collection xmlns="http://www.loc.gov/MARC21/slim"><record><leader>00567nam--2200193-i-4500</leader><controlfield tag="001">000012775</controlfield><controlfield tag="002">20161230</controlfield><controlfield tag="005">20161230201030</controlfield><controlfield tag="008">060222s1000------------r-----000-0-eng-d</controlfield><datafield ind1=" " ind2=" " tag="040"><subfield code="a">IFIN-HH</subfield></datafield><datafield ind1=" " ind2=" " tag="080"><subfield code="a">538.971:541.183</subfield></datafield><datafield ind1="1" ind2=" " tag="100"><subfield code="a">Derouane, E.G./S.A.</subfield></datafield><datafield ind1="1" ind2="0" tag="245"><subfield code="a">Electronic structure and reactivity of metal surfaces</subfield><subfield code="c">E.g. derouane, a.a. lucs (eds.)</subfield></datafield><datafield ind1=" " ind2=" " tag="260"><subfield code="a">New York</subfield><subfield code="b">Plenum Press</subfield><subfield code="c">1976</subfield></datafield><datafield ind1=" " ind2=" " tag="300"><subfield code="a">VII+633P</subfield></datafield><datafield ind1=" " ind2=" " tag="490"><subfield code="a">Nato Advanced Study Institutes Sereis, 16</subfield></datafield><datafield ind1="1" ind2=" " tag="700"><subfield code="a">Lucas, A.A</subfield><subfield code="e">Ed</subfield></datafield><datafield ind1=" " ind2=" " tag="852"><subfield code="a">42270</subfield><subfield code="c">53</subfield></datafield><datafield ind1=" " ind2=" " tag="CAT"><subfield code="a">Sys</subfield><subfield code="c">20150319</subfield><subfield code="h">104521</subfield></datafield></record></collection>